<collection xmlns="http://www.loc.gov/MARC21/slim">
<record>
  <leader>01629nam0a22001811i 450 </leader>
  <controlfield tag="001">IT\ICCU\CNCE\039056</controlfield>
  <controlfield tag="005">19981106000000.0</controlfield>
  <datafield tag="012" ind1=" " ind2=" ">
    <subfield code="a">iee- ,&amp;e&apos; e,de EtPe (3) 1575 (R)</subfield>
    <subfield code="2">fei</subfield>
    <subfield code="9">1</subfield>
  </datafield>
  <datafield tag="012" ind1=" " ind2=" ">
    <subfield code="a">riue onRI g-na uoPa (3) 1575 (R)</subfield>
    <subfield code="2">fei</subfield>
    <subfield code="9">2</subfield>
  </datafield>
  <datafield tag="100" ind1=" " ind2=" ">
    <subfield code="a">19981105d1575        0itac0103    ba</subfield>
  </datafield>
  <datafield tag="101" ind1=" " ind2=" ">
    <subfield code="a">ITA</subfield>
  </datafield>
  <datafield tag="102" ind1=" " ind2=" ">
    <subfield code="a">IT</subfield>
  </datafield>
  <datafield tag="200" ind1="1" ind2=" ">
    <subfield code="a">Auuertimenti monacali, et modo di viuer religiosamente secondo Iddio per le vergini, ... Di diuersi eccellentissimi auttori ... . Nuouamente posti insieme, &amp; mandati in luce. Aggiuntoui lo Stadio del cursor christiano, tradotto di latino in volgare da M.  Lodouico Dolce. ...</subfield>
  </datafield>
  <datafield tag="210" ind1=" " ind2=" ">
    <subfield code="a">In Vinegia</subfield>
    <subfield code="c">appressoGabriel Giolito de&apos; Ferrari</subfield>
    <subfield code="d">1575</subfield>
    <subfield code="e">In Vinegia</subfield>
    <subfield code="g">appresso Gabril Giolito de&apos; Ferrari</subfield>
  </datafield>
  <datafield tag="215" ind1=" " ind2=" ">
    <subfield code="a">2 pt. (\8!, 92; 67 \i.e.91, 1!, 58, \2! p.)</subfield>
    <subfield code="c">ill.</subfield>
    <subfield code="d"></subfield>
  </datafield>
  <datafield tag="300" ind1=" " ind2=" ">
    <subfield code="a">((Il nome dell&apos;A. dello Stadio, Antonio Ulstio, si ricava dall&apos;intit. dello stesso. - Tit. della pt.2: Alcuni auertimenti nella </subfield>
  </datafield>
  <datafield tag="801" ind1=" " ind2="3">
    <subfield code="a">IT</subfield>
    <subfield code="b">ICCU</subfield>
    <subfield code="c">20201114</subfield>
  </datafield>
  <datafield tag="899" ind1=" " ind2=" ">
    <subfield code="a">Biblioteca nazionale centrale. Roma</subfield>
    <subfield code="1">RM0267</subfield>
    <subfield code="2">BVE CR</subfield>
  </datafield>
</record>
</collection>
